@Article{GurjarOkiRaj_2024_Flm,
  author     = {Gurjar, Rohit and Oki, Taihei and Raj, Roshan},
  title      = {{F}ractional {L}inear {M}atroid {M}atching is in quasi-{NC}},
  year       = {2024},
  copyright  = {arXiv.org perpetual, non-exclusive license},
  doi        = {10.48550/ARXIV.2402.18276},
  keywords   = {Computational Complexity (cs.CC), Discrete Mathematics (cs.DM), Data Structures and Algorithms (cs.DS), FOS: Computer and information sciences, FOS: Computer and information sciences},
  publisher  = {arXiv},
  readstatus = {skimmed},
}

@InProceedings{GurjarThierauf_2017_Lmi_CONF,
  author     = {Gurjar, Rohit and Thierauf, Thomas},
  booktitle  = {Proceedings of the 49th Annual ACM SIGACT Symposium on Theory of Computing},
  title      = {{L}inear {M}atroid {I}ntersection is in quasi-{NC}},
  year       = {2017},
  month      = jun,
  publisher  = {ACM},
  series     = {STOC ’17},
  collection = {STOC ’17},
  doi        = {10.1145/3055399.3055440},
  readstatus = {skimmed},
}

@InProceedings{FennerGurjarThierauf_2016_Bpm_CONF,
  author     = {Fenner, Stephen and Gurjar, Rohit and Thierauf, Thomas},
  booktitle  = {Proceedings of the forty-eighth annual ACM symposium on Theory of Computing},
  title      = {{B}ipartite {P}erfect {M}atching is in quasi-{NC}},
  year       = {2016},
  month      = jun,
  publisher  = {ACM},
  series     = {STOC ’16},
  collection = {STOC ’16},
  doi        = {10.1145/2897518.2897564},
}

@Book{Welsh_2010_BOOK,
  author    = {Welsh, Dominic J. A.},
  publisher = {Dover Publ.},
  title     = {{M}atroid {T}heory},
  year      = {2010},
  address   = {Mineola, N.Y},
  edition   = {Dover ed., unabridged republ. of the work orig. publ. in 1976, New York},
  isbn      = {0486474399},
  note      = {Originally published: New York : Academic Press, 1976},
  series    = {Dover books on mathematics},
  pagetotal = {433},
  ppn_gvk   = {614512298},
}

@InProceedings{SvenssonTarnawski_2017_TMP_CONF,
  author    = {Svensson, Ola and Tarnawski, Jakub},
  booktitle = {2017 IEEE 58th Annual Symposium on Foundations of Computer Science (FOCS)},
  title     = {{T}he {M}atching {P}roblem in {G}eneral {G}raphs {I}s in quasi-{NC}},
  year      = {2017},
  month     = oct,
  publisher = {IEEE},
  doi       = {10.1109/focs.2017.70},
}

@Article{VandeVate_1992_Fmm,
  author    = {Vande Vate, John H},
  journal   = {Journal of Combinatorial Theory, Series B},
  title     = {{F}ractional {M}atroid {M}atchings},
  year      = {1992},
  issn      = {0095-8956},
  month     = may,
  number    = {1},
  pages     = {133--145},
  volume    = {55},
  doi       = {10.1016/0095-8956(92)90037-x},
  publisher = {Elsevier BV},
}

@Article{GurjarThieraufVishnoi_2021_IaV,
  author    = {Gurjar, Rohit and Thierauf, Thomas and Vishnoi, Nisheeth K.},
  journal   = {SIAM Journal on Computing},
  title     = {{I}solating a {V}ertex via {L}attices: {P}olytopes with {T}otally {U}nimodular {F}aces},
  year      = {2021},
  issn      = {1095-7111},
  month     = jan,
  number    = {2},
  pages     = {636--661},
  volume    = {50},
  doi       = {10.1137/19m1290802},
  publisher = {Society for Industrial & Applied Mathematics (SIAM)},
}

@Book{Schrijver_2003_BOOK,
  author    = {Schrijver, Alexander},
  publisher = {Springer},
  title     = {{C}ombinatorial {O}ptimization: {P}olyhedra and {E}fficiency},
  year      = {2003},
  address   = {Berlin},
  isbn      = {9783540443896},
  number    = {24},
  series    = {Algorithms and combinatorics},
  ppn_gvk   = {1172736723},
  subtitle  = {Polyhedra and efficiency},
}

@Article{GoldwasserGrossman_2017_BPM,
  author    = {Goldwasser, Shafi and Grossman, Ofer},
  title     = {{B}ipartite {P}erfect {M}atching in {P}seudo-{D}eterministic {NC}},
  year      = {2017},
  copyright = {Creative Commons Attribution 3.0 Unported license},
  doi       = {10.4230/LIPICS.ICALP.2017.87},
  keywords  = {Parallel Algorithms, Pseudo-determinism, RNC, Perfect Matching},
  language  = {en},
  publisher = {Schloss Dagstuhl – Leibniz-Zentrum für Informatik},
}

@Article{GijswijtPap_2013_Aaf,
  author    = {Gijswijt, Dion and Pap, Gyula},
  journal   = {Journal of Combinatorial Theory, Series B},
  title     = {An algorithm for weighted fractional matroid matching},
  year      = {2013},
  issn      = {0095-8956},
  month     = jul,
  number    = {4},
  pages     = {509--520},
  volume    = {103},
  doi       = {10.1016/j.jctb.2013.05.004},
  publisher = {Elsevier BV},
}

@Book{LovaszPlummer_1986_BOOK,
  author    = {Lov{\'a}sz, L{\'a}szl{\'o} and {P}lummer, {M.D.}},
  publisher = {North-Holland},
  title     = {Matching {T}heory},
  year      = {1986},
  address   = {Amsterdam},
  isbn      = {9780080872322},
  number    = {121},
  series    = {North-Holland Mathematics Studies},
  pagetotal = {544},
  ppn_gvk   = {1748923579},
  url       = {https://books.google.co.in/books?id=mycZP-J344wC},
}

@Book{MatousekGaertner_2007_BOOK,
  author    = {Jiří Matoušek, Bernd Gärtner},
  publisher = {Springer},
  title     = {{U}nderstanding and {U}sing {L}inear {P}rogramming},
  year      = {2007},
  address   = {Berlin},
  isbn      = {9783540307174},
  note      = {Includes index},
  series    = {Universitext},
  pagetotal = {226},
  ppn_gvk   = {1646112369},
}

@InProceedings{ChariRohatgiSrinivasan_1993_Rou_CONF,
  author    = {Chari, Suresh and Rohatgi, Pankaj and Srinivasan, Aravind},
  booktitle = {Proceedings of the twenty-fifth annual ACM symposium on Theory of computing},
  title     = {Randomness-{O}ptimal {U}nique {E}lement {I}solation, with {A}pplications to {P}erfect {M}atching and {R}elated {P}roblems},
  year      = {1993},
  month     = jun,
  pages     = {458–467},
  publisher = {ACM Press},
  series    = {STOC ’93},
  doi       = {10.1145/167088.167213},
}

@Article{DattaKulkarniRoy_2009_DIa,
  author    = {Datta, Samir and Kulkarni, Raghav and Roy, Sambuddha},
  journal   = {Theory of Computing Systems},
  title     = {{D}eterministically {I}solating a {P}erfect {M}atching in {B}ipartite {P}lanar {G}raphs},
  year      = {2009},
  issn      = {1433-0490},
  month     = {mar},
  number    = {3},
  pages     = {737--757},
  volume    = {47},
  doi       = {10.1007/s00224-009-9204-8},
  publisher = {Springer Science and Business Media LLC},
}

@InProceedings{MahajanVaradarajan_2000_AnN_CONF,
  author     = {Mahajan, Meena and Varadarajan, Kasturi R.},
  booktitle  = {Proceedings of the thirty-second annual ACM symposium on Theory of computing},
  title      = {A new {NC}-algorithm for finding a perfect matching in bipartite planar and small genus graphs (extended abstract)},
  year       = {2000},
  month      = may,
  publisher  = {ACM},
  series     = {STOC '00},
  collection = {STOC00},
  doi        = {10.1145/335305.335346},
}

@InProceedings{MulmuleyVaziraniVazirani_1987_Mia_CONF,
  author     = {Mulmuley, Ketan and Vazirani, Umesh V. and Vazirani, Vijay V.},
  booktitle  = {Proceedings of the nineteenth annual ACM conference on Theory of computing - STOC ’87},
  title      = {Matching is as {E}asy as {M}atrix {I}nversion},
  year       = {1987},
  publisher  = {ACM Press},
  series     = {STOC ’87},
  collection = {STOC ’87},
  doi        = {10.1145/28395.383347},
}

@Article{TeoKoh_1992_Tno_CONF,
  author    = {Teo, C. P. and Koh, K. M.},
  journal   = {Journal of Graph Theory},
  title     = {The number of shortest cycles and the chromatic uniqueness of a graph},
  year      = {1992},
  issn      = {1097-0118},
  month     = {mar},
  number    = {1},
  pages     = {7--15},
  volume    = {16},
  doi       = {10.1002/jgt.3190160103},
  publisher = {Wiley},
}

@Article{Berkowitz_1984_Oct,
  author    = {Berkowitz, Stuart J.},
  journal   = {Information Processing Letters},
  title     = {On computing the determinant in small parallel time using a small number of processors},
  year      = {1984},
  issn      = {0020-0190},
  month     = mar,
  number    = {3},
  pages     = {147--150},
  volume    = {18},
  doi       = {10.1016/0020-0190(84)90018-8},
  publisher = {Elsevier BV},
}

@Article{MelkebeekPrakriya_2019_DIi,
  author    = {van Melkebeek, Dieter and Prakriya, Gautam},
  journal   = {SIAM Journal on Computing},
  title     = {Derandomizing {I}solation in {S}pace-{B}ounded {S}ettings},
  year      = {2019},
  issn      = {1095-7111},
  month     = jan,
  number    = {3},
  pages     = {979--1021},
  volume    = {48},
  doi       = {10.1137/17m1130538},
  publisher = {Society for Industrial & Applied Mathematics (SIAM)},
}

@Article{ValiantVazirani_1986_Nia,
  author    = {Valiant, L.G. and Vazirani, V.V.},
  journal   = {Theoretical Computer Science},
  title     = {{NP} is as easy as detecting unique solutions},
  year      = {1986},
  issn      = {0304-3975},
  pages     = {85--93},
  volume    = {47},
  doi       = {10.1016/0304-3975(86)90135-0},
  publisher = {Elsevier BV},
}

@InProceedings{KlivansSpielman_2001_Rei_CONF,
  author     = {Klivans, Adam R. and Spielman, Daniel},
  booktitle  = {Proceedings of the thirty-third annual ACM symposium on Theory of computing},
  title      = {Randomness efficient identity testing of multivariate polynomials},
  year       = {2001},
  month      = jul,
  publisher  = {ACM},
  series     = {STOC01},
  collection = {STOC01},
  doi        = {10.1145/380752.380801},
}

@Article{Schwartz_1980_FPA,
  author    = {Schwartz, J. T.},
  journal   = {Journal of the ACM},
  title     = {{F}ast {P}robabilistic {A}lgorithms for {V}erification of {P}olynomial {I}dentities},
  year      = {1980},
  issn      = {1557-735X},
  month     = oct,
  number    = {4},
  pages     = {701--717},
  volume    = {27},
  doi       = {10.1145/322217.322225},
  publisher = {Association for Computing Machinery (ACM)},
}

@InProceedings{Zippel_1979,
  author    = {Zippel, Richard},
  booktitle = {Lecture Notes in Computer Science},
  title     = {Probabilistic algorithms for sparse polynomials},
  year      = {1979},
  pages     = {216--226},
  publisher = {Springer Berlin Heidelberg},
  doi       = {10.1007/3-540-09519-5_73},
  isbn      = {9783540351283},
  issn      = {1611-3349},
}

@Article{BorodinCookPippenger_1983_Pcf,
  author    = {Borodin, A. and Cook, S. and Pippenger, N.},
  journal   = {Information and Control},
  title     = {Parallel computation for well-endowed rings and space-bounded probabilistic machines},
  year      = {1983},
  issn      = {0019-9958},
  month     = jul,
  number    = {1–3},
  pages     = {113--136},
  volume    = {58},
  doi       = {10.1016/s0019-9958(83)80060-6},
  publisher = {Elsevier BV},
}

@Comment{jabref-meta: databaseType:bibtex;}
