@InProceedings{Williams_2014_Fap_CONF,
  author     = {Williams, Ryan},
  booktitle  = {Proceedings of the forty-sixth annual ACM symposium on Theory of computing},
  title      = {Faster all-pairs shortest paths via circuit complexity},
  year       = {2014},
  month      = may,
  pages      = {664--673},
  publisher  = {ACM},
  series     = {STOC ’14},
  volume     = {12},
  collection = {STOC ’14},
  doi        = {10.1145/2591796.2591811},
}

@Comment{jabref-meta: databaseType:bibtex;}
