@Article{GurjarOkiRaj_2024_Flm,
  author     = {Gurjar, Rohit and Oki, Taihei and Raj, Roshan},
  title      = {{F}ractional {L}inear {M}atroid {M}atching is in quasi-{NC}},
  year       = {2024},
  copyright  = {arXiv.org perpetual, non-exclusive license},
  doi        = {10.48550/ARXIV.2402.18276},
  keywords   = {Computational Complexity (cs.CC), Discrete Mathematics (cs.DM), Data Structures and Algorithms (cs.DS), FOS: Computer and information sciences, FOS: Computer and information sciences},
  publisher  = {arXiv},
  readstatus = {skimmed},
}

@InProceedings{GurjarThierauf_2017_Lmi_CONF,
  author     = {Gurjar, Rohit and Thierauf, Thomas},
  booktitle  = {Proceedings of the 49th Annual ACM SIGACT Symposium on Theory of Computing},
  title      = {{L}inear {M}atroid {I}ntersection is in quasi-{NC}},
  year       = {2017},
  month      = jun,
  publisher  = {ACM},
  series     = {STOC ’17},
  collection = {STOC ’17},
  doi        = {10.1145/3055399.3055440},
  readstatus = {skimmed},
}

@InProceedings{FennerGurjarThierauf_2016_Bpm_CONF,
  author     = {Fenner, Stephen and Gurjar, Rohit and Thierauf, Thomas},
  booktitle  = {Proceedings of the forty-eighth annual ACM symposium on Theory of Computing},
  title      = {{B}ipartite {P}erfect {M}atching is in quasi-{NC}},
  year       = {2016},
  month      = jun,
  publisher  = {ACM},
  series     = {STOC ’16},
  collection = {STOC ’16},
  doi        = {10.1145/2897518.2897564},
}

@Book{Welsh_2010_BOOK,
  author    = {Welsh, Dominic J. A.},
  publisher = {Dover Publ.},
  title     = {{M}atroid {T}heory},
  year      = {2010},
  address   = {Mineola, N.Y},
  edition   = {Dover ed., unabridged republ. of the work orig. publ. in 1976, New York},
  isbn      = {0486474399},
  note      = {Originally published: New York : Academic Press, 1976},
  series    = {Dover books on mathematics},
  pagetotal = {433},
  ppn_gvk   = {614512298},
}

@InProceedings{SvenssonTarnawski_2017_TMP_CONF,
  author    = {Svensson, Ola and Tarnawski, Jakub},
  booktitle = {2017 IEEE 58th Annual Symposium on Foundations of Computer Science (FOCS)},
  title     = {{T}he {M}atching {P}roblem in {G}eneral {G}raphs {I}s in quasi-{NC}},
  year      = {2017},
  month     = oct,
  publisher = {IEEE},
  doi       = {10.1109/focs.2017.70},
}

@Article{VandeVate_1992_Fmm,
  author    = {Vande Vate, John H},
  journal   = {Journal of Combinatorial Theory, Series B},
  title     = {{F}ractional {M}atroid {M}atchings},
  year      = {1992},
  issn      = {0095-8956},
  month     = may,
  number    = {1},
  pages     = {133--145},
  volume    = {55},
  doi       = {10.1016/0095-8956(92)90037-x},
  publisher = {Elsevier BV},
}

@Article{GurjarThieraufVishnoi_2021_IaV,
  author    = {Gurjar, Rohit and Thierauf, Thomas and Vishnoi, Nisheeth K.},
  journal   = {SIAM Journal on Computing},
  title     = {{I}solating a {V}ertex via {L}attices: {P}olytopes with {T}otally {U}nimodular {F}aces},
  year      = {2021},
  issn      = {1095-7111},
  month     = jan,
  number    = {2},
  pages     = {636--661},
  volume    = {50},
  doi       = {10.1137/19m1290802},
  publisher = {Society for Industrial & Applied Mathematics (SIAM)},
}

@Book{Schrijver_2003_BOOK,
  author    = {Schrijver, Alexander},
  publisher = {Springer},
  title     = {{C}ombinatorial {O}ptimization: {P}olyhedra and {E}fficiency},
  year      = {2003},
  address   = {Berlin},
  isbn      = {9783540443896},
  number    = {24},
  series    = {Algorithms and combinatorics},
  ppn_gvk   = {1172736723},
  subtitle  = {Polyhedra and efficiency},
}

@InProceedings{GoldwasserGrossman_2017_BPM_CONF,
  author    = {Goldwasser, Shafi and Grossman, Ofer},
  title     = {{B}ipartite {P}erfect {M}atching in {P}seudo-{D}eterministic {NC}},
  year      = {2017},
  publisher = {Schloss Dagstuhl – Leibniz-Zentrum für Informatik},
  copyright = {Creative Commons Attribution 3.0 Unported license},
  doi       = {10.4230/LIPICS.ICALP.2017.87},
  keywords  = {Parallel Algorithms, Pseudo-determinism, RNC, Perfect Matching},
  language  = {en},
}

@Article{GijswijtPap_2013_Aaf,
  author    = {Gijswijt, Dion and Pap, Gyula},
  journal   = {Journal of Combinatorial Theory, Series B},
  title     = {An algorithm for weighted fractional matroid matching},
  year      = {2013},
  issn      = {0095-8956},
  month     = jul,
  number    = {4},
  pages     = {509--520},
  volume    = {103},
  doi       = {10.1016/j.jctb.2013.05.004},
  publisher = {Elsevier BV},
}

@Comment{jabref-meta: databaseType:bibtex;}
