%% LaTeX2e file `refs.bib'
%% generated by the `filecontents' environment
%% from source `alco_assignment_2' on 2024/05/19.
%%
 @article{lenstra1991finding,
  title={Finding isomorphisms between finite fields},
  author={Lenstra, Hendrik W},
  journal={mathematics of computation},
  volume={56},
  number={193},
  pages={329--347},
  year={1991}
 }
