@incollection{horneraddlowerbound,
	title = {On Two Problems in Abstract Algebra Connected with Horner's Rule},
	editor = {RICHARD {von MISES}},
	booktitle = {Studies in Mathematics and Mechanics},
	publisher = {Academic Press},
	pages = {40-48},
	year = {2013},
	isbn = {978-1-4832-3272-0},
	doi = {https://doi.org/10.1016/B978-1-4832-3272-0.50010-7},
	url = {https://www.sciencedirect.com/science/article/pii/B9781483232720500107},
	author = {A. OSTROWSKI}
}
@article{hornermultlowerbound,
	title={METHODS OF COMPUTING VALUES OF POLYNOMIALS},
	author={Victor Y. Pan},
	journal={Russian Mathematical Surveys},
	year={1966},
	volume={21},
	pages={105-136},
	url={https://api.semanticscholar.org/CorpusID:121193040}
}
@article{motzkin,
	title={Evaluation of polynomials and evaluation of rational functions},
	author={T. S. Motzkin},
	journal={Bulletin of the American Mathematical Society},
	year={1955},
	volume={61},
	pages={163}
}
@Article{Gathen_1984_HaN,
  author    = {von zur Gathen, Joachim},
  journal   = {Mathematics of Computation},
  title     = {Hensel and Newton methods in valuation rings},
  year      = {1984},
  issn      = {1088-6842},
  number    = {166},
  pages     = {637--661},
  volume    = {42},
  doi       = {10.1090/s0025-5718-1984-0736459-9},
  publisher = {American Mathematical Society (AMS)},
}