@Book{CormenThomasLeisersonCharlesRivestRonaldSteinClifford_BOOK,
  author    = {Cormen, Thomas H. and Thomas, H. and Leiserson and Charles, E. and Rivest, Ronald L. and Ronald, L. and Stein and Clifford},
  publisher = {Brand: PHI Learning},
  title     = {Introduction to {A}lgorithms},
  isbn      = {9788120340077},
  pages     = {1312},
}

@Comment{jabref-meta: databaseType:bibtex;}
