@article{Hasseweil,
	url = {https://doi.org/10.1515/crll.1936.175.193},
	title = {Zur Theorie der abstrakten elliptischen Funktionenkörper III. Die Struktur des Meromorphismenrings. Die Riemannsche Vermutung.},
	title = {},
	author = {Helmut Hasse},
	pages = {193--208},
	volume = {1936},
	number = {175},
	journal = {Journal für die reine und angewandte Mathematik},
	doi = {doi:10.1515/crll.1936.175.193},
	year = {1936},
	lastchecked = {2023-12-15}
}
@article{weilserre,
	url = {https://gallica.bnf.fr/ark:/12148/bpt6k3372566b#},
	title = {Sur les courbes alg\'{e}briques et les vari\'{e}t\'{e}s qui s\'{e}n d\'{e}duisent},
	author = {Weil, Andr\'{e}},
	pages = {85},
	journal = {Actualit\'{e}s scientifiques et industrielles 1041},
	year = {1948},
}
@article{drinfeldvladut,
	author = {Vlăduţ, Serge and Drinfel'd, V.},
	year = {1983},
	month = {01},
	pages = {53-54},
	title = {Number of Points of an Algebraic Curve},
	volume = {17},
	journal = {Functional Analysis and Its Applications - FUNCT ANAL APPL-ENGL TR},
	doi = {10.1007/BF01083182}
}
@article{Ihara,
	title={Some remarks on the number of rational points of algebratic curves over finite fields},
	author={Yasutaka Ihara},
	journal={Journal of the Faculty of Science, the University of Tokyo. Sect. 1 A, Mathematics},
	year={1982},
	volume={28},
	pages={721-724},
	url={https://api.semanticscholar.org/CorpusID:122436601}
}
@article{tvzbound,
	author = {Tsfasman, M. A. and Vlădutx, S. G. and Zink, Th.},
	title = {Modular curves, Shimura curves, and Goppa codes, better than Varshamov-Gilbert bound},
	journal = {Mathematische Nachrichten},
	volume = {109},
	number = {1},
	pages = {21-28},
	doi = {https://doi.org/10.1002/mana.19821090103},
	url = {https://onlinelibrary.wiley.com/doi/abs/10.1002/mana.19821090103},
	eprint = {https://onlinelibrary.wiley.com/doi/pdf/10.1002/mana.19821090103},
	year = {1982}
}
@book {hartshorne,
	AUTHOR = {Hartshorne, Robin},
	TITLE = {Algebraic geometry},
	NOTE = {Graduate Texts in Mathematics, No. 52},
	PUBLISHER = {Springer-Verlag},
	ADDRESS = {New York},
	YEAR = {1977},
	PAGES = {xvi+496},
	ISBN = {0-387-90244-9},
	MRCLASS = {14-01},
	MRNUMBER = {MR0463157 (57 \#3116)},
	MRREVIEWER = {Robert Speiser},
}
@article{agcodesurvey,
	author = {Blake, Ian and Heegard, Chris and Høholdt, Tom and Wei, Victor},
	year = {1998},
	month = {11},
	pages = {2596 - 2618},
	title = {Algebraic-Geometry Codes.},
	volume = {44},
	journal = {Information Theory, IEEE Transactions on},
	doi = {10.1109/18.720550}
}
@course{gilcohen,
	author = {Gil Cohen},
	year = {2022},
	Title = {Algebraic Geometric Codes: \url{https://www.gilcohen.org/2022-ag-codes}}	
}
@book{Stichtenoth,
	author = {Stichtenoth, Henning},
	title = {Algebraic Function Fields and Codes},
	year = {2008},
	isbn = {3540768777},
	publisher = {Springer Publishing Company, Incorporated},
	edition = {2nd},
	abstract = {The theory of algebraic function fields has its origins in number theory, complex analysis (compact Riemann surfaces), and algebraic geometry. Since about 1980, function fields have found surprising applications in other branches of mathematics such as coding theory, cryptography, sphere packings and others. The main objective of this book is to provide a purely algebraic, self-contained and in-depth exposition of the theory of function fields. This new edition, published in the series Graduate Texts in Mathematics, has been considerably expanded. Moreover, the present edition contains numerous exercises. Some of them are fairly easy and help the reader to understand the basic material. Other exercises are more advanced and cover additional material which could not be included in the text. This volume is mainly addressed to graduate students in mathematics and theoretical computer science, cryptography, coding theory and electrical engineering.}
}
@inproceedings{Tsfasman1991AlgebraicGeometricC,
	title={Algebraic-Geometric Codes},
	author={Michael A. Tsfasman and Serge G. Vladut},
	year={1991},
	url={https://api.semanticscholar.org/CorpusID:116494736}
}
@book{agcodetsvlamichael,
	author = {Tsfasman, Michael and Vlăduţ, Serge and Nogin, Dmitrii},
	year = {2007},
	month = {01},
	pages = {},
	title = {Algebraic geometric codes. Basic notions},
	isbn = {978-0-8218-4306-2}
}
@article{goppafirst,
	author = {V. D. Goppa},
	title = {Codes Associated with Divisors},
	journal = {Probl. Peredachi Inf.},
	year = {1977},
	volume = {13},
	issue = {1},
	pages = {33--39}
}
@inproceedings{Goppa1988GeometryAC,
	title={Geometry and Codes},
	author={V. D. Goppa},
	year={1988},
	url={https://api.semanticscholar.org/CorpusID:118805873}
}
@inproceedings{Goppa1981CodesOA,
	title={Codes on Algebraic Curves},
	author={V. D. Goppa},
	year={1981},
	url={https://api.semanticscholar.org/CorpusID:116325462}
}
@article{Goppa1984CodesAI,
	title={Codes and information},
	author={V. D. Goppa},
	journal={Russian Mathematical Surveys},
	year={1984},
	volume={39},
	pages={87-141},
	url={https://api.semanticscholar.org/CorpusID:120553880}
}