@incollection{horneraddlowerbound,
	title = {On Two Problems in Abstract Algebra Connected with Horner's Rule},
	editor = {RICHARD {von MISES}},
	booktitle = {Studies in Mathematics and Mechanics},
	publisher = {Academic Press},
	pages = {40-48},
	year = {2013},
	isbn = {978-1-4832-3272-0},
	doi = {https://doi.org/10.1016/B978-1-4832-3272-0.50010-7},
	url = {https://www.sciencedirect.com/science/article/pii/B9781483232720500107},
	author = {A. OSTROWSKI}
}
@article{hornermultlowerbound,
	title={METHODS OF COMPUTING VALUES OF POLYNOMIALS},
	author={Victor Y. Pan},
	journal={Russian Mathematical Surveys},
	year={1966},
	volume={21},
	pages={105-136},
	url={https://api.semanticscholar.org/CorpusID:121193040}
}
@article{motzkin,
	title={Evaluation of polynomials and evaluation of rational functions},
	author={T. S. Motzkin},
	journal={Bulletin of the American Mathematical Society},
	year={1955},
	volume={61},
	pages={163}
}