@Book{BuergisserLickteigClausenShokrollahi_2013_BOOK,
  author    = {Bürgisser, Peter and Lickteig, T. and Clausen, Michael and Shokrollahi, Mohammad A.},
  publisher = {Springer London, Limited},
  title     = {{A}lgebraic {C}omplexity {T}heory},
  year      = {2013},
  isbn      = {9783662033388},
  series    = {Grundlehren der mathematischen Wissenschaften},
  pages     = {618},
}

@Article{Gathen_1984_HaN,
  author    = {von zur Gathen, Joachim},
  journal   = {Mathematics of Computation},
  title     = {{H}ensel and {N}ewton {M}ethods in {V}aluation {R}ings},
  year      = {1984},
  issn      = {1088-6842},
  number    = {166},
  pages     = {637--661},
  volume    = {42},
  doi       = {10.1090/s0025-5718-1984-0736459-9},
  publisher = {American Mathematical Society (AMS)},
}

@Book{GathenGerhard_2013_BOOK,
  author    = {von zur Gathen, Joachim and Gerhard, Jürgen},
  publisher = {Cambridge University Press},
  title     = {{M}odern {C}omputer {A}lgebra},
  year      = {2013},
  isbn      = {9781139856065},
  month     = apr,
  doi       = {10.1017/cbo9781139856065},
}

@Book{Bini_1994_BOOK,
  author    = {Bini, Dario},
  editor    = {Victor Y. Pan},
  publisher = {Birkhäuser Boston},
  title     = {{P}olynomial and {M}atrix {C}omputations},
  year      = {1994},
  address   = {Boston, MA},
  isbn      = {9781461202653},
  note      = {Description based on publisher supplied metadata and other sources.},
  series    = {Progress in Theoretical Computer Science Ser.},
  pagetotal = {1433},
  ppn_gvk   = {1770506608},
  subtitle  = {Fundamental Algorithms},
}

@Comment{jabref-meta: databaseType:bibtex;}
