@article{hensel-newton-valring,
  title={Hensel and Newton methods in valuation rings},
  author={Joachim von zur Gathen},
  journal={Mathematics of Computation},
  year={1984},
  volume={42},
  pages={637-661},
  url={https://api.semanticscholar.org/CorpusID:122984162}
}