@Article{GanardiLohrey_2018_AUT,
  author    = {Ganardi, Moses and Lohrey, Markus},
  journal   = {ACM Transactions on Computation Theory},
  title     = {A {U}niversal {T}ree {B}alancing {T}heorem},
  year      = {2018},
  issn      = {1942-3462},
  month     = oct,
  number    = {1},
  pages     = {1--25},
  volume    = {11},
  doi       = {10.1145/3278158},
  publisher = {Association for Computing Machinery (ACM)},
}

@InProceedings{MahajanVaradarajan_2000_AnN_CONF,
  author     = {Mahajan, Meena and Varadarajan, Kasturi R.},
  booktitle  = {Proceedings of the thirty-second annual ACM symposium on Theory of computing},
  title      = {A new {NC}-algorithm for finding a perfect matching in bipartite planar and small genus graphs (extended abstract)},
  year       = {2000},
  month      = may,
  publisher  = {ACM},
  series     = {STOC00},
  collection = {STOC00},
  doi        = {10.1145/335305.335346},
}

@InBook{RichardM.RAMACHANDRAN_1990,
  author    = {KARP, Richard M. and RAMACHANDRAN, Vijaya},
  pages     = {869--941},
  publisher = {Elsevier},
  title     = {Parallel {A}lgorithms for {S}hared-{M}emory {M}achines},
  year      = {1990},
  isbn      = {9780444880710},
  booktitle = {Algorithms and Complexity},
  doi       = {10.1016/b978-0-444-88071-0.50022-9},
}

@Article{Kasteleyn_1963_DSa,
  author    = {Kasteleyn, P. W.},
  journal   = {Journal of Mathematical Physics},
  title     = {Dimer {S}tatistics and {P}hase {T}ransitions},
  year      = {1963},
  issn      = {1089-7658},
  month     = feb,
  number    = {2},
  pages     = {287--293},
  volume    = {4},
  doi       = {10.1063/1.1703953},
  publisher = {AIP Publishing},
}

@Article{MixBarringtonCorbett_1989_Otr,
  author    = {Mix Barrington, David A. and Corbett, James},
  journal   = {Information Processing Letters},
  title     = {On the relative complexity of some languages in {NC}1},
  year      = {1989},
  issn      = {0020-0190},
  month     = sep,
  number    = {5},
  pages     = {251--256},
  volume    = {32},
  doi       = {10.1016/0020-0190(89)90052-5},
  publisher = {Elsevier BV},
}

@InProceedings{Buss_1987_TBf_CONF,
  author     = {Buss, S. R.},
  booktitle  = {Proceedings of the nineteenth annual ACM conference on Theory of computing - STOC ’87},
  title      = {The Boolean formula value problem is in ALOGTIME},
  year       = {1987},
  publisher  = {ACM Press},
  series     = {STOC ’87},
  collection = {STOC ’87},
  doi        = {10.1145/28395.28409},
}

@Article{StockmeyerVishkin_1984_SoP,
  author    = {Stockmeyer, Larry and Vishkin, Uzi},
  journal   = {SIAM Journal on Computing},
  title     = {{S}imulation of {P}arallel {R}andom {A}ccess {M}achines by {C}ircuits},
  year      = {1984},
  issn      = {1095-7111},
  month     = may,
  number    = {2},
  pages     = {409--422},
  volume    = {13},
  doi       = {10.1137/0213027},
  publisher = {Society for Industrial & Applied Mathematics (SIAM)},
}

@InBook{Cayley_1849_Sur,
  author    = {A. Cayley},
  pages     = {93--96},
  publisher = {De Gruyter},
  title     = {Sur les déterminants gauches},
  year      = {1849},
  month     = dec,
  booktitle = {Band 38},
  doi       = {10.1515/9783112347423-005},
}

@Article{Kerner_1966_EGz,
  author    = {Kerner, Immo O.},
  journal   = {Numerische Mathematik},
  title     = {Ein {G}esamtschrittverfahren zur {B}erechnung der {N}ullstellen von {P}olynomen},
  year      = {1966},
  issn      = {0945-3245},
  month     = may,
  number    = {3},
  pages     = {290--294},
  volume    = {8},
  doi       = {10.1007/bf02162564},
  publisher = {Springer Science and Business Media LLC},
}

@Book{Petkovic_1989_BOOK,
  author    = {Petković, Miodrag},
  publisher = {Springer Berlin Heidelberg},
  title     = {Iterative {M}ethods for {S}imultaneous {I}nclusion of {P}olynomial {Z}eros},
  year      = {1989},
  isbn      = {9783540481744},
  doi       = {10.1007/bfb0083599},
  issn      = {1617-9692},
  journal   = {Lecture Notes in Mathematics},
}

@InBook{Vollmer_1999,
  author    = {Vollmer, Heribert},
  pages     = {35--78},
  publisher = {Springer Berlin Heidelberg},
  title     = {Relations to Other Computation Models},
  year      = {1999},
  address   = {Berlin, Heidelberg},
  isbn      = {978-3-662-03927-4},
  abstract  = {The results of the previous chapter show that there is a circuit complexity class which contains every length-respecting function f : {\{}0,1{\}}* {\textrightarrow} {\{}0,1{\}}*, computable or not:},
  booktitle = {Introduction to Circuit Complexity: A Uniform Approach},
  doi       = {10.1007/978-3-662-03927-4_3},
  url       = {https://doi.org/10.1007/978-3-662-03927-4_3},
}

@Article{Ajtai_1983_Fo,
  author    = {Ajtai, M.},
  journal   = {Annals of Pure and Applied Logic},
  title     = {$\sum^1_1$-Formulae on finite structures},
  year      = {1983},
  issn      = {0168-0072},
  month     = jul,
  number    = {1},
  pages     = {1--48},
  volume    = {24},
  doi       = {10.1016/0168-0072(83)90038-6},
  publisher = {Elsevier BV},
}

@Article{DattaKulkarniRoy_2009_DIa,
  author    = {Datta, Samir and Kulkarni, Raghav and Roy, Sambuddha},
  journal   = {Theory of Computing Systems},
  title     = {Deterministically Isolating a Perfect Matching in Bipartite Planar Graphs},
  year      = {2009},
  issn      = {1433-0490},
  month     = mar,
  number    = {3},
  pages     = {737--757},
  volume    = {47},
  doi       = {10.1007/s00224-009-9204-8},
  publisher = {Springer Science and Business Media LLC},
}

@InProceedings{AjtaiKomlosSzemeredi_1983_A0nl_CONF,
  author     = {Ajtai, M. and Komlós, J. and Szemerédi, E.},
  booktitle  = {Proceedings of the fifteenth annual ACM symposium on Theory of computing - STOC ’83},
  title      = {An 0(n log n) sorting network},
  year       = {1983},
  publisher  = {ACM Press},
  series     = {STOC ’83},
  collection = {STOC ’83},
  doi        = {10.1145/800061.808726},
}

@Comment{jabref-meta: databaseType:bibtex;}
