@book{sipser13,
	author = {Sipser, Michael},
  	edition = {Third},
  	isbn = {113318779X},
  	publisher = {Cengage India Private Limited},
  	title = {Introduction to the Theory of Computation},
  	year = {2013},
  	howpublished = {\url{https://www.amazon.in/Introduction-Theory-Computation-Michael-Sipser/dp/8131525295}}
}

@book{arora,
	author = {Arora, Sanjeev and Barak, Boaz},
	title = {Computational Complexity: A Modern Approach},
	year = {2009},
	isbn = {0521424267},
	publisher = {Cambridge University Press},
	edition = {1st},
	url = {https://www.amazon.in/Computational-Complexity-Approach-Sanjeev-Arora/dp/0521424267}
}

@book{oded,
	author = {Goldreich, Oded},
	title = {Computational Complexity: A Conceptual Perspective},
	publisher = {Cambridge University Press},
	isbn = {9780521884730},
	year = {2008}
}

@book{avi,
	author = {Wigderson, Avi},
	title = {Mathematics and Computation: A Theory Revolutionizing Technology and Science},
	publisher = {Princeton University Press},
	year = {2019},
	url = {https://www.math.ias.edu/avi/book}
}
@book{garey,
	title =     {Computers and Intractability: A Guide to the Theory of NP-Completeness},
	author =    {Michael R. Garey, David S. Johnson},
	publisher = {W. H. Freeman},
	isbn =      {0716710455; 9780716710455},
	year =      {1979},
	series =    {Series of Books in the Mathematical Sciences},
	edition =   {First Edition}
}
@article{ladner,
	author = {Ladner, Richard E.},
	title = {On the Structure of Polynomial Time Reducibility},
	year = {1975},
	issue_date = {Jan. 1975},
	publisher = {Association for Computing Machinery},
	address = {New York, NY, USA},
	volume = {22},
	number = {1},
	issn = {0004-5411},
	url = {https://doi.org/10.1145/321864.321877},
	doi = {10.1145/321864.321877},
	journal = {J. ACM},
	month = {jan},
	pages = {155–171},
	numpages = {17}
}
@inproceedings{babai,
	title={Graph isomorphism in quasipolynomial time},
	author={Babai, L{\'a}szl{\'o}},
	booktitle={Proceedings of the forty-eighth annual ACM symposium on Theory of Computing},
	pages={684--697},
	year={2016}
}
@article{aks,
	title = {PRIMES is in P},
	author = {Manindra Agrawal, Neeraj Kayal, Nitin Saxena},
	doi = {10.4007/annals.2004.160.781},
	year = {2004},
	journal = {Annals of Mathematics},
	volume = {160 (2)},
	pages = {781-793}
}
@article{reingold,
	author = {Reingold, Omer},
	title = {Undirected Connectivity in Log-Space},
	year = {2008},
	issue_date = {September 2008},
	publisher = {Association for Computing Machinery},
	address = {New York, NY, USA},
	volume = {55},
	number = {4},
	issn = {0004-5411},
	url = {https://doi.org/10.1145/1391289.1391291},
	doi = {10.1145/1391289.1391291},
	journal = {J. ACM},
	month = {sep},
	articleno = {17},
	numpages = {24},
	keywords = {bounded space algorithms, Derandomization, pseudorandom generator}
}
@article{natproof,
	title = {Natural Proofs},
	journal = {Journal of Computer and System Sciences},
	volume = {55},
	number = {1},
	pages = {24-35},
	year = {1997},
	issn = {0022-0000},
	doi = {https://doi.org/10.1006/jcss.1997.1494},
	url = {https://www.sciencedirect.com/science/article/pii/S002200009791494X},
	author = {Alexander A Razborov and Steven Rudich}
}
@article{cook,
	author = {Cook, Stephen A.},
	title = {The Complexity of Theorem-Proving Procedures},
	year = {1971},
	isbn = {9781450374644},
	publisher = {Association for Computing Machinery},
	address = {New York, NY, USA},
	url = {https://doi.org/10.1145/800157.805047},
	doi = {10.1145/800157.805047},
	booktitle = {Proceedings of the Third Annual ACM Symposium on Theory of Computing},
	pages = {151–158},
	numpages = {8},
	location = {Shaker Heights, Ohio, USA},
	series = {STOC '71}
}
@article{levin,
	author = {L. A. Levin},
	title = {Universal Sequential Search Problems},
	journal = {Probl. Peredachi Inf.},
	year = {1973},
	volume = {9},
	pages = {115--116},
}