
@misc{reingold2004entropy,
	title={Entropy waves, the zig-zag graph product, and new constant-degree}, 
	author={Omer Reingold and Salil Vadhan and Avi Wigderson},
	year={2004},
	eprint={math/0406038},
	archivePrefix={arXiv},
	primaryClass={math.CO}
}
@article{Vadhan12,
	added-at = {2018-11-14T00:00:00.000+0100},
	author = {Vadhan, Salil P.},
	biburl = {https://www.bibsonomy.org/bibtex/201feff150453ebd775177331c1f9f78a/dblp},
	ee = {https://www.wikidata.org/entity/Q56058888},
	interhash = {5828b06205e5e4227dd7b04b4167869e},
	intrahash = {01feff150453ebd775177331c1f9f78a},
	journal = {Foundations and Trends in Theoretical Computer Science},
	keywords = {dblp},
	number = {1-3},
	pages = {1-336},
	timestamp = {2018-11-15T14:28:54.000+0100},
	title = {Pseudorandomness.},
	url = {http://dblp.uni-trier.de/db/journals/fttcs/fttcs7.html#Vadhan12},
	volume = 7,
	year = 2012
}
