@inproceedings{highratesublin,
	author = {Kopparty, Swastik and Saraf, Shubhangi and Yekhanin, Sergey},
	year = {2011},
	month = {06},
	pages = {167-176},
	title = {High-Rate Codes with Sublinear-Time Decoding},
	volume = {61},
	journal = {Journal of the ACM},
	doi = {10.1145/1993636.1993660}
}
@article{ldcsergeysurvey,
	url = {http://dx.doi.org/10.1561/0400000030},
	year = {2012},
	volume = {6},
	journal = {Foundations and Trends in Theoretical Computer Science},
	title = {Locally Decodable Codes},
	doi = {10.1561/0400000030},
	issn = {1551-305X},
	number = {3},
	pages = {139-255},
	author = {Sergey Yekhanin}
}
@article{kopparty2015remarks,
author       = {Swastik Kopparty},
title        = {Some remarks on multiplicity codes},
journal      = {CoRR},
volume       = {abs/1505.07547},
year         = {2015},
url          = {http://arxiv.org/abs/1505.07547},
eprinttype    = {arXiv},
eprint       = {1505.07547},
timestamp    = {Mon, 13 Aug 2018 16:47:13 +0200},
biburl       = {https://dblp.org/rec/journals/corr/Kopparty15.bib},
bibsource    = {dblp computer science bibliography, https://dblp.org}
}
@book{HirschfeldKorchmárosTorres+2008,
	url = {https://doi.org/10.1515/9781400847419},
	title = {Algebraic Curves over a Finite Field},
	author = {J. W. P. Hirschfeld and G. Korchmáros and F. Torres},
	publisher = {Princeton University Press},
	address = {Princeton},
	doi = {doi:10.1515/9781400847419},
	isbn = {9781400847419},
	year = {2008},
	lastchecked = {2023-10-31}
}



@INPROCEEDINGS{dvir2009extensions,
author={Dvir, Zeev and Kopparty, Swastik and Saraf, Shubhangi and Sudan, Madhu},
booktitle={2009 50th Annual IEEE Symposium on Foundations of Computer Science}, 
title={Extensions to the Method of Multiplicities, with Applications to Kakeya Sets and Mergers}, 
year={2009},
volume={},
number={},
pages={181-190},
doi={10.1109/FOCS.2009.40}}