@book{ODonnell_2014, 
place={Cambridge}, title={Analysis of Boolean Functions}, publisher={Cambridge University Press}, author={O Donnell, Ryan}, year={2014}} 

@book{gs001,
 author = {Wolf, Ronald {de}},
 title = {A Brief Introduction to Fourier Analysis on the Boolean Cube},
 year = {2008},
 pages = {1--20},
 doi = {10.4086/toc.gs.2008.001},
 publisher = {Theory of Computing Library},
 number = {1},
 series = {Graduate Surveys},
 URL = {http://www.theoryofcomputing.org/library.html},
}

@misc{kelley2024strong,
      title={Strong Bounds for 3-Progressions}, 
      author={Zander Kelley and Raghu Meka},
      year={2024},
      eprint={2302.05537},
      archivePrefix={arXiv},
      primaryClass={math.NT}
}

@ARTICLE{RePEc:ucp:jpolec:v:58:y:1950:p:328,
title = {A Difficulty in the Concept of Social Welfare},
author = {Arrow, Kenneth},
year = {1950},
journal = {Journal of Political Economy},
volume = {58},
number = {4},
url = {https://EconPapers.repec.org/RePEc:ucp:jpolec:v:58:y:1950:p:328}
}

@article{Bloom_2023,
   title={The Kelley–Meka bounds for sets free of
three-term arithmetic progressions},
   volume={2},
   ISSN={2834-4626},
   url={http://dx.doi.org/10.2140/ent.2023.2.15},
   DOI={10.2140/ent.2023.2.15},
   number={1},
   journal={Essential Number Theory},
   publisher={Mathematical Sciences Publishers},
   author={Bloom, Thomas F. and Sisask, Olof},
   year={2023},
   month=dec, pages={15–44} }
