@Article{hlw06,
	author={Shlomo Hoory, Nathan Linial, Avi Wigderson},
	title={Expander graphs and their applications},
	journal={Bulletin of the AMS},
	volume={43},
	number={4},
	pages={439-561},
	year={2006},
}
@Article{prcd,
	author={Cynthia Dwork, Prahladh Harsha},
	title={CS369E: Expanders in Computer Science},
	note = {\url{https://home.ttic.edu/~prahladh/teaching/spring05/lectures/cs369e_expanders.pdf}},
	year={2006},
}
@Article{lt,
	author={Luca Trevisan},
	title={Lecture Notes on Graph Partitioning, Expanders and Spectral Methods},
	note = {\url{https://home.ttic.edu/~prahladh/teaching/spring05/lectures/cs369e_expanders.pdf}},
	year={2016},
}
@course{shachar,
	author = {Shachar Lovett},
	year = {2021},
	Title = {CSE 291: Expander graphs and High-Dimensional Expanders},
	note = {\url{https://cseweb.ucsd.edu/classes/sp21/cse291-g/}},
}