@inproceedings{yannakakis2,
author = {Yannakakis, Mihalis},
title = {Expressing combinatorial optimization problems by linear programs},
year = {1988},
isbn = {0897912640},
publisher = {Association for Computing Machinery},
address = {New York, NY, USA},
url = {https://doi.org/10.1145/62212.62232},
doi = {10.1145/62212.62232},
booktitle = {Proceedings of the Twentieth Annual ACM Symposium on Theory of Computing},
pages = {223â€“228},
numpages = {6},
location = {Chicago, Illinois, USA},
series = {STOC '88}
}